@book{ac_supply,
  title     = {AC Supply and Rectification},
  author    = {Author, B.},
  year      = {2018},
  publisher = {Tech Books Publishing}
}

@article{diode_characteristics,
  title     = {Diode Characteristics},
  author    = {Author, A.},
  journal   = {Journal of Electronics},
  year      = {2020},
  volume    = {10},
  number    = {2},
  pages     = {123-130},
  publisher = {Electronics Publishing}
}