@misc{lm2577t-adj,
  title        = {{LM2577T-ADJ Datasheet (PDF)}},
  author       = {{alldatasheet.com}},
  year         = {n.d.},
  howpublished = {\url{https://www.alldatasheet.com/datasheet-pdf/pdf/527551/TI1/LM2577T-ADJ.html}},
  note         = {Texas Instruments}
}
