@book{rashid2013power,
  title     = {Power Electronics: Circuits, Devices, and Applications},
  author    = {Muhammad H. Rashid},
  year      = {2013},
  publisher = {Pearson},
  edition   = {4th},
  isbn      = {978-0133125900}
}