@book{bose2002modern,
  title     = {Modern Power Electronics and AC Drives},
  author    = {Bimal K. Bose},
  year      = {2002},
  publisher = {Prentice Hall},
  isbn      = {978-0130167439}
}

@book{rashid2013power,
  title     = {Power Electronics: Circuits, Devices, and Applications},
  author    = {Muhammad H. Rashid},
  year      = {2013},
  publisher = {Pearson},
  edition   = {4th},
  isbn      = {978-0133125900}
}

@book{mohan2003power,
  title     = {Power Electronics: Converters, Applications, and Design},
  author    = {Ned Mohan and Tore M. Undeland and William P. Robbins},
  year      = {2003},
  publisher = {Wiley},
  edition   = {3rd},
  isbn      = {978-0471226934}
}

@book{sen1987principles,
  title     = {Principles of Electric Machines and Power Electronics},
  author    = {P. C. Sen},
  year      = {1987},
  publisher = {Wiley},
  isbn      = {978-0470203370}
}

@manual{mathworks2023simulink,
  title  = {Simulink User's Guide},
  author = {MathWorks},
  year   = {2023},
  note   = {Available at \url{https://www.mathworks.com/products/simulink.html}}
}