@book{electrical_machines,
  title     = {Electrical Machinery},
  author    = {P. S. Bimbhra},
  year      = {2011},
  publisher = {Khanna Publishers},
  edition   = {7th}
}

@book{simulink_guide,
  title     = {Introduction to Simulink with Engineering Applications},
  author    = {Steven T. Karris},
  year      = {2006},
  publisher = {Orchard Publications},
  edition   = {2nd}
}

@book{power_electronics,
  title     = {Power Electronics: Circuits, Devices, and Applications},
  author    = {Muhammad H. Rashid},
  year      = {2013},
  publisher = {Pearson},
  edition   = {4th}
}

@article{rectifier_design,
  title   = {Three-Phase Rectifier Circuits: Analysis and Design},
  author  = {Bimal K. Bose},
  journal = {IEEE Transactions on Industrial Electronics},
  year    = {1985},
  volume  = {IE-32},
  number  = {3},
  pages   = {269-278}
}