@book{ac_supply,
  title     = {AC Supply and Thyristor Applications},
  author    = {Jane Smith},
  year      = {2018},
  publisher = {Springer}
}

@article{thyristor_characteristics,
  title     = {Thyristor Characteristics},
  author    = {John Doe},
  journal   = {Journal of Power Electronics},
  year      = {2020},
  volume    = {15},
  number    = {3},
  pages     = {123-130},
  publisher = {IEEE}
}